@online{novotny2023markdowna,
  author = {Starý Novotný, Vít},
  title = {Markdown 3},
  subtitle = {What's new, what's next?},
  date = {2023-07-15},
  urldate = {2023-09-15},
  url = {https://tug.org/tug2023/files/sa-03-novotny-markdown3/novotny-markdown3-slides.pdf},
  publisher = {TUG},
}

@online{novotny2023markdownb,
  author = {Starý Novotný, Vít},
  title = {TUG 2023 -- Markdown 3},
  subtitle = {Co je nového a co se chystá?},
  date = {2023-07-15},
  urldate = {2023-09-15},
  url = {https://youtu.be/U8XjTOhJkg0},
  publisher = {YouTube},
}

@online{novotny2023markdownc,
  author = {Novotný, Vít},
  title = {Markdown package user manual},
  date = {2023-04-27},
  urldate = {2023-09-15},
  url = {https://mirrors.ctan.org/macros/generic/markdown/markdown.html},
  publisher = {CTAN},
  note = {Verze 2.23.0-0-g0b22f91},
}

@online{novotny2023markdownd,
  title = {Markdown},
  subtitle = {Release 3.0.0},
  date = {2023-08-25},
  author = {Vít Starý Novotný},
  publisher = {GitHub},
  url = {https://github.com/Witiko/markdown/releases/tag/3.0.0},
  urldate = {2023-09-27},
}

@online{novotny2023examples,
  author = {Starý Novotný, Vít},
  title = {markdown/examples at main},
  date = {2023-09-15},
  urldate = {2023-09-15},
  url = {https://github.com/Witiko/markdown/tree/main/examples},
  publisher = {GitHub},
}

@online{thompson2010pandoc,
  booktitle = {pandoc-discuss},
  title = {Re: Error in ``cabal install pandoc''},
  author = {Michael Thompson},
  publisher = {Google Groups},
  url = {https://groups.google.com/g/pandoc-discuss/c/tKB4E7y6H2E/m/OiieKAuWsl4J},
  urldate = {2022-10-04},
}

@article{novotny2016sazba,
  author = {Vít Novotný},
  year = {2016},
  title = {Sazba textu označkovaného v jazyce Markdown uvnitř \TeX ových dokumentů},
  journal = {Zpravodaj \CSTUG u},
  volume = {26},
  number = {1--4},
  pages = {78-93},
  doi = {10.5300/2016-1-4/78},
}

@article{novotny2023attributes,
  author = {Vít Novotný},
  year = {2023},
  title = {Attributes in Markdown},
  journal = {TUGboat},
  volume = {44},
  number = {1},
  pages = {99-101},
  dpi = {10.47397/tb/44-1/tb136novotny-markdown-attr},
}

@article{novotny2022markdowna,
  author = {Vít Novotný and Dominik Rehák and Michal Hoftich and Tereza Vrabcová},
  year = {2022},
  title = {Markdown 2.15.0},
  subtitle = {What's new?},
  journal = {TUGboat},
  volume = {43},
  number = {1},
  pages = {10-15},
  doi = {10.47397/tb/43-1/tb133novotny-markdown},
}

@article{novotny2022markdownb,
  author = {Vít Novotný},
  year = {2022},
  title = {Markdown 2.17.1},
  subtitle = {What's new, what's next?},
  journal = {TUGboat},
  volume = {43},
  number = {3},
  pages = {276-278},
  doi = {10.47397/tb/43-3/tb135novotny-markdown},
}

@article{novotny2021markdown,
  author = {Vít Novotný},
  year = {2021},
  title = {Markdown 2.10.0},
  subtitle = {\LaTeX ová témata a snippety},
  journal = {Zpravodaj \CSTUG u},
  volume = {31},
  number = {1--4},
  pages = {76-82},
  doi = {10.5300/2021-1-4/76},
}

@thesis{gencur2023implementation,
  title = {An implementation of the CommonMark standard into the Markdown package for \TeX},
  author = {Andrej Genčur},
  year = {2023},
  type = {Bakalářská práce},
  institution = {Masarykova univerzita},
  place = {Brno},
  supervisor = {Starý Novotný, Vít},
  url = {https://is.muni.cz/th/r7z7l/},
  urldate = {2023-09-15},
}

@thesis{rehak2023generic,
  title = {Generic \TeX{} writer for the Pandoc document converter},
  author = {Dominik Rehák},
  year = {2023},
  type = {Bakalářská práce},
  institution = {Masarykova univerzita},
  place = {Brno},
  supervisor = {Starý Novotný, Vít},
  url = {https://is.muni.cz/th/umhg5/},
  urldate = {2023-09-15},
}

@online{novotny2023side,
  title = {Side-by-side images},
  author = {Vít Novotný},
  date = {2023-05-15},
  url = {https://github.com/Witiko/markdown/discussions/302#discussioncomment-5902455},
  urldate = {2023-09-15},
  publisher = {GitHub},
}

@online{lee2023lua,
  author = {Zeping Lee},
  title = {lua-tinyyaml},
  subtitle = {A tiny YAML (subset) parser for pure Lua},
  date = {2023-04-05},
  urldate = {2023-09-15},
  url = {https://ctan.org/pkg/lua-tinyyaml},
  publisher = {CTAN},
  note = {Verze 0.4.3},
}

@online{novotny2022lt3luabridge,
  author = {Vít Novotný},
  title = {lt3luabridge},
  subtitle = {Execute Lua code in any \TeX{} engine that exposes the shell},
  date = {2022-10-24},
  urldate = {2023-09-15},
  url = {https://ctan.org/pkg/lt3luabridge},
  publisher = {CTAN},
  note = {Verze 2.0.2},
}

@online{novotny2022discord,
  author = {Vít Novotný},
  title = {The Markdown package for \TeX},
  date = {2022-08-23},
  urldate = {2023-09-15},
  url = {https://discord.gg/8xJsPghzSH},
  publisher = {Discord},
}

@online{novotny2022matrix,
  author = {Vít Novotný},
  title = {The Markdown package for \TeX},
  date = {2022-08-23},
  urldate = {2023-09-15},
  url = {https://matrix.to/#/#witiko-markdown:matrix.org},
  publisher = {Matrix.org},
}

@online{novotny2023fix,
  author = {Starý Novotný, Vít},
  title = {Fix memory leak in CommonMark implementation},
  date = {2023-06-26},
  urldate = {2023-09-15},
  url = {https://github.com/Witiko/markdown/issues/308},
  publisher = {GitHub},
}

@online{novotny2023implement,
  author = {Novotný, Vít},
  title = {Implement batching and summarization to unit tests},
  date = {2023-01-09},
  urldate = {2023-09-15},
  url = {https://github.com/Witiko/markdown/issues/245},
  publisher = {GitHub},
}

@online{novotny2023make,
  author = {Novotný, Vít},
  title = {Make our implementation of attributes compatible with jgm/pandoc},
  date = {2023-05-15},
  urldate = {2023-09-15},
  url = {https://github.com/Witiko/markdown/issues/304},
  publisher = {GitHub},
}

@online{novotny2023adda,
  author = {Starý Novotný, Vít},
  title = {Add support for attributes on tables},
  date = {2023-06-26},
  urldate = {2023-06-26},
  url = {https://github.com/Witiko/markdown/issues/310},
  publisher = {GitHub},
}

@online{novotny2023addb,
  author = {Novotný, Vít},
  title = {Add \texttt{contentLevel} Lua option and a \texttt{\textbackslash markinline} plain \TeX{} command},
  date = {2023-04-28},
  urldate = {2023-06-26},
  url = {https://github.com/Witiko/markdown/issues/300},
  publisher = {GitHub},
}

@online{novotny2023addc,
  author = {Novotný, Vít},
  title = {Add support for universal (cross-format) themes},
  date = {2023-03-08},
  urldate = {2023-06-26},
  url = {https://github.com/Witiko/markdown/issues/276},
  publisher = {GitHub},
}

@online{novotny2018add,
  author = {Novotný, Vít},
  title = {Add support for \TeX-like rich paragraphs},
  date = {2018-02-28},
  urldate = {2023-06-26},
  url = {https://github.com/Witiko/markdown/issues/30},
  publisher = {GitHub},
}

@online{novotny2022adda,
  author = {Novotný, Vít},
  title = {Add support for Pandoc \texttt{auto\_identifiers} syntax extension},
  date = {2022-12-29},
  urldate = {2023-06-26},
  url = {https://github.com/Witiko/markdown/issues/237},
  publisher = {GitHub},
}

@online{novotny2022addb,
  author = {Novotný, Vít},
  title = {Add support for Pandoc \texttt{gfm\_auto\_identifiers} syntax extension},
  date = {2022-12-29},
  urldate = {2023-06-26},
  url = {https://github.com/Witiko/markdown/issues/238},
  publisher = {GitHub},
}

@online{novotny2022support,
  author = {Novotný, Vít},
  title = {Support Op\TeX},
  date = {2022-11-12},
  urldate = {2023-06-26},
  url = {https://github.com/Witiko/markdown/issues/215},
  publisher = {GitHub},
}